@book{
    dne,
    author={Ax, Christian and Johansson, Christer and Kullv{\'e}n, H{\aa}kan},
    title={Den nya ekonomistyrningen},
    publisher={Liber},
    address={Stockholm},
    year={2015},
    edition={5., [omarb.] uppl.},
    ISBN={9789147110957},
    keywords={Ekonomistyrning},
}

@misc{
    macgregor,
    title={MacGregor},
    howpublished={\url{http://www.macgregor.com}},
    note={HÃ¤mtad 2017-02-16},
}